%TODO Cho2007

@article{d3,
  title={D$^3$ Data-Driven Documents},
  author={Bostock, M. and Ogievetsky, V. and Heer, J.},
  journal={Visualization and Computer Graphics, IEEE Transactions on},
  volume={17},
  number={12},
  pages={2301--2309},
  year={2011},
  publisher={IEEE}
}


@misc{acrobat,
  key = "acrobat",
  title = {{Adobe Acrobat Reader 7}},
   note = {\url{http://www.adobe.com/products/acrobat/}}
}

@article{ethics,
  title = {{Social Impacts of Computing: Codes of Professional Ethics}},
  author = {Ronald E. Anderson},
  doi = "10.1177/089443939201000402",
  journal = "Social Science Computer Review December",
  year = 1992,
  volume = 10,
  number = 4,
  pages = "453-469"
}

@misc{acm_categories,
  key = "association",
  title = {{How to Classify Works Using ACM's Computing Classification System}},
  note = {\url{http://www.acm.org/class/how_to_use.html}},
},

@inproceedings{cpr,
  title={Calibrated Peer Review and assessing learning outcomes},
  author={Carlson, P.A. and Berry, F.C.},
  booktitle={FRONTIERS IN EDUCATION CONFERENCE},
  volume={2},
  year={2003},
  organization={STIPES}
}

@misc{nytimes,

  title = {{The Year of the MOOC}},
  note = {\url{http://www.nytimes.com/2012/11/04/education/edlife/massive-open-online-courses-are-multiplying-at-a-rapid-pace.html?pagewanted=1&_r=0}},
}

@book{manning2008,
  title={Introduction to information retrieval},
  author={Manning, C.D. and Raghavan, P. and Sch{\"u}tze, H.},
  volume={1},
  year={2008},
  page={118},
  publisher={Cambridge University Press Cambridge}
}


@book{card1999readings,
  title={Readings in information visualization: using vision to think},
  author={Card, S.K. and Mackinlay, J.D. and Shneiderman, B.},
  year={1999},
  publisher={Morgan Kaufmann}
}

@article{cho2007,
  title={Scaffolded writing and rewriting in the discipline: A web-based reciprocal peer review system},
  author={Cho, K. and Schunn, C.D.},
  journal={Computers \& Education},
  volume={48},
  number={3},
  pages={409--426},
  year={2007},
  publisher={Elsevier}
}


@misc{dbootcamp,

  title = {{Stanford d.school's bootcamp bootleg}},
  note = {\url{http://dschool.stanford.edu/wp-content/uploads/2011/03/BootcampBootleg2010v2SLIM.pdf}}
}
@misc{bag-of-words,

  title = {{Bag of Words Model}},
  note = {\url{http://en.wikipedia.org/wiki/Bag-of-words_model}}
}

@misc{underscore,

  title = {{Underscore.js}},
  note = {\url{http://underscorejs.org/}}
}
@misc{backbone,

  title = {{backbone.js}},
  note = {\url{http://backbonejs.org/}}
}

@misc{jquery,

  title = {{jQuery}},
  note = {\url{http://jquery.com/}}
}

@inproceedings{mypeerreview,
  title={MyPeerReview: an online peer-reviewing system for programming courses},
  author={Hyyrynen, V. and H{\"a}m{\"a}l{\"a}inen, H. and Ikonen, J. and Porras, J.},
  booktitle={Proceedings of the 10th Koli Calling International Conference on Computing Education Research},
  pages={94--99},
  year={2010},
  organization={ACM}
}

@article{xiong,
  title={An Interactive Analytic Tool for Peer-Review Exploration},
  author={Xiong, W. and Litman, D. and Wang, J. and Schunn, C.}
}


@article{WebBasedPeerReview,
  title={Web-based peer review: the learner as both adapter and reviewer},
  author={Liu, E.Z.F. and Lin, S.S.J. and Chiu, C.H. and Yuan, S.M.},
  journal={Education, IEEE Transactions on},
  volume={44},
  number={3},
  pages={246--251},
  year={2001},
  publisher={IEEE}
}




@inproceedings{Klemmer:2002:WSC:503376.503378,
 author = {Klemmer, Scott R. and Thomsen, Michael and Phelps-Goodman, Ethan and Lee, Robert and Landay, James A.},
 title = {Where do web sites come from?: capturing and interacting with design history},
 booktitle = {Proc. CHI 2002},
 year = {2002},
 pages = {1--8},
 publisher = {ACM Press},
}

@inproceedings{Klemmer:2002:WSC:503376.503378,
 author = {Klemmer, Scott R. and Thomsen, Michael and Phelps-Goodman, Ethan and Lee, Robert and Landay, James A.},
 title = {Where do web sites come from?: capturing and interacting with design history},
 booktitle = {Proc. CHI 2002},
 year = {2002},
 pages = {1--8},
 publisher = {ACM Press},
}

@inproceedings{Mather:2000:MUT,
  title = {Making up titles for conference papers},
  author = {Mather, B. D.},
  booktitle = {Ext. Abstracts CHI 2000},
  year = 2000,
  publisher = "ACM Press",
  pages = "1-2",
}

@book{Schwartz:1995:GBF,
  title = {{Guidelines for Bias-Free Writing}},
  author = {Schwartz, Marilyn},
  publisher = {Indiana University Press},
  location = {Bloomington, IN, USA},
  year = 1995,
}

@inproceedings{Zellweger:2001:FAO:504216.504224,
 author = {Zellweger, Polle T. and Bouvin, Niels Olof and Jeh{\o}j, Henning and Mackinlay, Jock D.},
 title = {Fluid annotations in an open world},
 booktitle = {Proc. Hypertext 2001},
 year = {2001},
 pages = {9--18},
 publisher = {ACM Press},
}

@inproceedings{roberts2007state,
  title={State of the art: Coordinated \& multiple views in exploratory visualization},
  author={Roberts, J.C.},
  booktitle={Coordinated and Multiple Views in Exploratory Visualization, 2007. CMV'07. Fifth International Conference on},
  pages={61--71},
  year={2007},
  organization={IEEE}
}

@inproceedings{kuo2007tag,
  title={Tag clouds for summarizing web search results},
  author={Kuo, B.Y.L. and Hentrich, T. and Good, B.M. and Wilkinson, M.D.},
  booktitle={Proceedings of the 16th international conference on World Wide Web},
  pages={1203--1204},
  year={2007},
  organization={ACM}
}

@misc{wordcountwww,
  key = "Word Count",
  title = {{Word Count}},
   note = {\url{http://www.wordcount.org/main.php}}
}
